@misc{matrix,
	author = "Конев, В. В.",
	title = "Электронный учебник по линейной алгебре",
	howpublished = "Режим доступа: \url{https://portal.tpu.ru/SHARED/k/KONVAL/Sites/Russian_sites/index1.htm} (дата обращения: 15.10.2023)"
}

@acticle{matrix_in,
	author = "Желудков, А. В. and Макаров, Д. В.",
	title = "Исследование алгоритмов перемножения матриц",
	booktitle = "Роль и место информационных технологий в современной науке",
	pages = "53--55",
	language = "russian",
	year = 2017
}

@misc{vino,
	author = "Головашкин, Д. Л.",
	title = "векторные алгоритмы вычислительной линейной алгебры",
	howpublished = "Режим доступа: \url{https://inlnk.ru/LAYY7O} (дата обращения: 15.10.2023)"
}


@misc{shtrassen,
	author = "Александр Охотин",
	title = "Лекция 5: Реализация очереди с приоритетами в алгоритме
	Дейкстры. Пути между всеми парами вершин в графе,
	алгоритм Варшалла, алгоритм Варшалла-Флойда.
	Использование умножения матриц. Алгоритм Штрассена
	быстрого умножения матриц. Умножение булевых матриц
	через числовые",
	howpublished = "Режим доступа: \url{https://users.math-cs.spbu.ru/~okhotin/teaching/algorithms_2019/okhotin_algorithms_2019_l5.pdf} (дата обращения: 15.10.2023)"
}


@misc{cplusplus,
	title="Документация по C++20",
	howpublished="Режим доступа: \url{https://learn.microsoft.com/ru-ru/cpp/cpp/?view=msvc-170/} (дата обращения: 20.11.2023)"
}


@misc{ctime,
	title="Standard library header <ctime>",
	howpublished="Режим доступа: \url{https://en.cppreference.com/w/cpp/header/ctime} (дата обращения: 20.11.2023)"
}



@misc{ryzen,
	title="Ryzen 4600H",
	howpublished="Режим доступа: \url{https://www.amd.com/en/products/apu/amd-ryzen-5-4600h} (дата обращения: 20.09.2023)"
}

@misc{windows,
	title="Windows 10 Pro 2h21 64-bit",
	howpublished="Режим доступа: \url{https://www.microsoft.com/ru-ru/software-download/windows10} (дата обращения: 25.09.2022)."
}

