@acticle{intro,
	author = "Шагбазян~Д.~В. and Штанюк~A.~A. and Малкина~E.B.",
	title = "Алгоритмы  сортировки.  Анализ,  реализация,  применение: учебное  пособие",
	pages = "42--43",
	language = "russian",
	year = 2019
}

@misc{sort_report,
	title="Тема 3. Компьютерный анализ данных. Лекция 10. Методы и алгоритмы обработки и анализа данных",
	howpublished="Режим доступа: \url{http://imamod.ru/~polyakov/arc/stud/mmca/lecture_10.pdf} (дата обращения: 02.12.2023)"
}

%https://www.researchgate.net/publication/37987842_Bead--Sort_A_Natural_Sorting_Algorithm#:~:text=%23%20%E3%80%901%E2%80%A0%28PDF%29%20Bead,Abstract%20and%20Figures%20Nature%20is
@article{article_bead,
	author = {Arulanandham, J.J and Calude, Cristian and Dinneen, Michael},
	year = {2002},
	month = {01},
	pages = {},
	title = {Bead--Sort: A Natural Sorting Algorithm},
	volume = {76},
	journal = {http://www.cs.auckland.ac.nz/staff-cgi-bin/mjd/secondcgi.pl?serial}
}

@inbook{knut,
	author="Кнут~Д.~Э.",
	title="Искусство программирования, том 3. Сортировка и поиск, 2-е изд.",
	publisher="Пер. с англ. М.: ООО 'И. Д. Вильямс'",
	volume=832,
	language="russian",
	year=2007
}


@misc{python,
	title="The official home of the Python Programming Language",
	howpublished="Режим доступа: \url{https://www.python.org/} (дата обращения: 01.12.2023)."
}

@misc{python-time,
	title="time — Time access and conversions",
	howpublished="Режим доступа: \url{https://docs.python.org/3/library/time.html} (дата обращения: 01.12.2023)."
}

@misc{ryzen,
	title="Ryzen 4600H",
	howpublished="Режим доступа: \url{https://www.amd.com/en/products/apu/amd-ryzen-5-4600h} (дата обращения: 20.09.2023)"
}

@misc{windows,
	title="Windows 10 Pro 2h21 64-bit",
	howpublished="Режим доступа: \url{https://www.microsoft.com/ru-ru/software-download/windows10} (дата обращения: 25.09.2022)."
}

