@misc{cpp-lang,
	title = {C++ language},
	howpublished = {[Электронный ресурс].~--- Режим доступа: \url{https://en.cppreference.com/w/cpp/language} (дата обращения: 21.12.2023).}
}

@book{bin-search-worst,
  title={Sorting and Searching. The Art of Computer Programming. Vol. 3},
  author={Knuth, Donald},
  year={1998},
  publisher={Addison-Wesley Professional},
  address={Reading, MA},
  edition={2nd},
  isbn={978-0-201-89685-5}
}

@book{bin-search-best,
  title={Data Structures and Algorithms},
  author={Chang, Shi-Kuo},
  year={2003},
  publisher={World Scientific},
  address={Singapore},
  volume={13},
  isbn={978-981-238-348-8}
}


@misc{intel,
	title="Intel [Электронный ресурс].",
	howpublished="--- Режим доступа: \url{https://ark.intel.com/content/www/ru/ru/ark/products/201839/intel-core-i510300h-processor-8m-cache-up-to-4-50-ghz.html} (дата обращения: 25.09.2022)"
}

@misc{windows,
	title="Windows 10 Pro 2h21 64-bit [Электронный ресурс]",
	howpublished="Режим доступа: \url{https://www.microsoft.com/ru-ru/software-download/windows10} (дата обращения: 25.09.2022)."
}


@misc{ryzen,
	title="Ryzen 4600H [Электронный ресурс]",
	howpublished="Режим доступа: \url{https://www.amd.com/en/products/apu/amd-ryzen-5-4600h} (дата обращения: 20.09.2023)"
}
