@misc{analysis-lev-damlev,
	author="Погорелов~Д.~А. and Таразанов~А.~М.",
	title="Сравнительный анализ алгоритмов редакционного расстояния Левенштейна и Дамерау-Левенштейна",
	journal="Синергия Наук",
	year=2019,
	howpublished="Режим доступа: \url{https://elibrary.ru/item.asp?id=36907767} (дата обращения: 10.10.2023)."
}

@misc{prog-impl-lev,
	author="Траулько~М.~В.",
	title="Программная реализация нечеткого поиска текстовой информации в словаре с помощью расстояния Левенштейна",
	journal="Форум молодых ученых",
	year=2017,
	howpublished="Режим доступа: \url{https://cyberleninka.ru/article/n/programmnaya-realizatsiya-nechetkogo-poiska-tekstovoy-informatsii-v-slovare-s-pomoschyu-rasstoyaniya-levenshteyna} (дата обращения: 14.10.2023)."
}


@article{levenshtein,
	author="Левенштейн~В.~И.",
	title="Двоичные коды с исправлением выпадений, вставок и замещений символов",
	journal="М.: Издательство «Наука», Доклады АН СССР",
	year=1965,
	page="845--848",
	language="russian",
}


@article{ulianov,
	author="Ульянов~М.~В.",
	title="Ресурсно-эффективные компьютерные алгоритмы: учебное пособие",
	journal="М.: Издательство «Наука», ФИЗМАТЛИ",
	chapter=6,
	page="168 -- 185",
	language="russian",
	year=2007,
}

@misc{python-lang,
	title="Документация по Python 3.11.5 [Электронный ресурс].",
	howpublished="Режим доступа: \url{https://docs.python.org/3/} (дата обращения: 20.09.2023)."
}

@misc{python-time,
	title="Python library function process-time() [Электронный ресурс].",
	howpublished="Режим доступа: \url{https://docs.python.org/3/library/time.html} (дата обращения: 20.09.2023)."
}


@misc{ryzen,
	title="Ryzen 4600H Электронный ресурс].",
	howpublished="Режим доступа: \url{https://www.amd.com/en/products/apu/amd-ryzen-5-4600h} (дата обращения: 20.09.2023)"
}

@misc{windows,
	title="Windows 10 Pro 2h21 64-bit  [Электронный ресурс]",
	howpublished="Режим доступа: \url{https://www.microsoft.com/ru-ru/software-download/windows10} (дата обращения: 25.09.2022)."
}

@misc{recs,
	title="Основные понятия и терминология рекурсии [Электронный ресурс]",
	howpublished="Режим доступа: \url{https://cyberleninka.ru/article/n/osnovnye-ponyatiya-i-terminologiya-rekursi} (дата обращения: 26.09.2022)."
}
