@misc{comi,
	author="Костюк~Ю.~Л.",
	title="Эффективная реализация алгоритма решения задачи коммивояжёра методом ветвей и границ [Электронный ресурс]",
	howpublished="Режим доступа: \url{https://cyberleninka.ru/article/n/effektivnaya-realizatsiya-algoritma-resheniya-zadachi-kommivoyazhyora-metodom-vetvey-i-granits/viewer} (дата обращения: 19.01.2024)"
}

@misc{full-comb,
	author="Семёнов~С.~С. and Педан~А.~В. and Воловиков~В.~С. and Климов~И.~С.",
	title="Анализ трудоёмкости различных алгоритмических подходов для решения задачи коммивояжёра ---  ООО «Корпорация «Интел Групп» [Электронный ресурс]",
	howpublished="Режим доступа: \url{https://cyberleninka.ru/article/n/analiz-trudoemkosti-razlichnyh-algoritmicheskih-podhodov-dlya-\
	resheniya-zadachi-kommivoyazhera} (дата обращения: 23.01.2023)"
}

@misc{python-time,
	title="time — Time access and conversions",
	howpublished="Режим доступа: \url{https://docs.python.org/3/library/time.html} (дата обращения: 01.12.2023)."
}

@misc{task,
	author="Борознов~В.~О.",
	title="Исследование решения задачи коммивояжера. --- АГТУ, Вестник Астраханского государственного технического университета. [Электронный ресурс]",
	howpublished="Режим доступа: \url{https://cyberleninka.ru/article/n/issledovanie-resheniya-zadachi-kommivoyazhera/viewer} (дата обращения: 23.01.2023)"
}

@misc{python-lang,
	title="Welcome to Python [Электронный ресурс]",
	howpublished="Режим доступа: \url{https://www.python.org} (дата обращения: 23.01.2023)"
}


@misc{python-lang-time,
	title="time — Time access and conversions [Электронный ресурс]",
	howpublished="Режим доступа: \url{https://docs.python.org/3/library/time.html#functions} (дата обращения: 23.01.2023)"
}

@misc{intel,
	title="Intel [Электронный ресурс].",
	howpublished="--- Режим доступа: \url{https://ark.intel.com/content/www/ru/ru/ark/products/201839/intel-core-i510300h-processor-8m-cache-up-to-4-50-ghz.html} (дата обращения: 25.09.2022)"
}

@misc{windows,
	title="Windows 10 Pro 2h21 64-bit [Электронный ресурс]",
	howpublished="Режим доступа: \url{https://www.microsoft.com/ru-ru/software-download/windows10} (дата обращения: 25.09.2022)."
}


@misc{ryzen,
	title="Ryzen 4600H [Электронный ресурс]",
	howpublished="Режим доступа: \url{https://www.amd.com/en/products/apu/amd-ryzen-5-4600h} (дата обращения: 20.09.2023)"
}


